@article{dinh2016density,
  title={Density estimation using real nvp},
  author={Dinh, Laurent and Sohl-Dickstein, Jascha and Bengio, Samy},
  journal={arXiv preprint arXiv:1605.08803},
  year={2016}
}

@article{zhou2020graph,
  title={Graph neural networks: A review of methods and applications},
  author={Zhou, Jie and Cui, Ganqu and Hu, Shengding and Zhang, Zhengyan and Yang, Cheng and Liu, Zhiyuan and Wang, Lifeng and Li, Changcheng and Sun, Maosong},
  journal={AI Open},
  volume={1},
  pages={57--81},
  year={2020},
  publisher={Elsevier}
}

@inproceedings{you2018graphrnn,
  title={Graphrnn: Generating realistic graphs with deep auto-regressive models},
  author={You, Jiaxuan and Ying, Rex and Ren, Xiang and Hamilton, William and Leskovec, Jure},
  booktitle={International conference on machine learning},
  pages={5708--5717},
  year={2018},
  organization={PMLR}
}

@article{li2018learning,
  title={Learning deep generative models of graphs},
  author={Li, Yujia and Vinyals, Oriol and Dyer, Chris and Pascanu, Razvan and Battaglia, Peter},
  journal={arXiv preprint arXiv:1803.03324},
  year={2018}
}

@article{shi2020graphaf,
  title={{GraphAF: a flow-based autoregressive model for molecular graph generation}},
  author={Shi, Chence and Xu, Minkai and Zhu, Zhaocheng and Zhang, Weinan and Zhang, Ming and Tang, Jian},
  journal={arXiv preprint arXiv:2001.09382},
  year={2020}
}

@article{de2018molgan,
  title={MolGAN: An implicit generative model for small molecular graphs},
  author={De Cao, Nicola and Kipf, Thomas},
  journal={arXiv preprint arXiv:1805.11973},
  year={2018}
}

@article{ma2018constrained,
  title={Constrained generation of semantically valid graphs via regularizing variational autoencoders},
  author={Ma, Tengfei and Chen, Jie and Xiao, Cao},
  journal={arXiv preprint arXiv:1809.02630},
  year={2018}
}

@article{you2018graph,
  title={Graph convolutional policy network for goal-directed molecular graph generation},
  author={You, Jiaxuan and Liu, Bowen and Ying, Rex and Pande, Vijay and Leskovec, Jure},
  journal={arXiv preprint arXiv:1806.02473},
  year={2018}
}

@article{liu2019graph,
  title={Graph normalizing flows},
  author={Liu, Jenny and Kumar, Aviral and Ba, Jimmy and Kiros, Jamie and Swersky, Kevin},
  journal={arXiv preprint arXiv:1905.13177},
  year={2019}
}

@inproceedings{grover2019graphite,
  title={Graphite: Iterative generative modeling of graphs},
  author={Grover, Aditya and Zweig, Aaron and Ermon, Stefano},
  booktitle={International conference on machine learning},
  pages={2434--2444},
  year={2019},
  organization={PMLR}
}

@article{liao2019efficient,
  title={Efficient graph generation with graph recurrent attention networks},
  author={Liao, Renjie and Li, Yujia and Song, Yang and Wang, Shenlong and Nash, Charlie and Hamilton, William L and Duvenaud, David and Urtasun, Raquel and Zemel, Richard S},
  journal={arXiv preprint arXiv:1910.00760},
  year={2019}
}

@inproceedings{niu2020permutation,
  title={Permutation invariant graph generation via score-based generative modeling},
  author={Niu, Chenhao and Song, Yang and Song, Jiaming and Zhao, Shengjia and Grover, Aditya and Ermon, Stefano},
  booktitle={International Conference on Artificial Intelligence and Statistics},
  pages={4474--4484},
  year={2020},
  organization={PMLR}
}

@inproceedings{zhu2017unpaired,
  title={Unpaired image-to-image translation using cycle-consistent adversarial networks},
  author={Zhu, Jun-Yan and Park, Taesung and Isola, Phillip and Efros, Alexei A},
  booktitle={Proceedings of the IEEE international conference on computer vision},
  pages={2223--2232},
  year={2017}
}
